<record><leader>00000cas a2200000 a 4500</leader><controlfield tag="001">11583354</controlfield><controlfield tag="008">850115d19321956ksuwr ne      0   a0eng d</controlfield><datafield ind1=" " ind2=" " tag="010"><subfield code="a">sn 84030605 </subfield></datafield><datafield ind1=" " ind2=" " tag="040"><subfield code="a">KSH</subfield><subfield code="b">eng</subfield><subfield code="c">KSH</subfield><subfield code="d">NPT</subfield><subfield code="d">OCL</subfield><subfield code="d">OCLCQ</subfield></datafield><datafield ind1=" " ind2=" " tag="042"><subfield code="a">msc</subfield></datafield><datafield ind1="0" ind2=" " tag="130"><subfield code="a">Harvey County news (Newton, Kan. : 1932)</subfield></datafield><datafield ind1="1" ind2="0" tag="245"><subfield code="a">Harvey County news.</subfield></datafield><datafield ind1=" " ind2=" " tag="260"><subfield code="a">Newton, Kan. :</subfield><subfield code="b">Newton News Pub. Co.,</subfield><subfield code="c">1932-1956.</subfield></datafield><datafield ind1=" " ind2=" " tag="300"><subfield code="a">25 v. :</subfield><subfield code="b">ill. ;</subfield><subfield code="c">56 cm.</subfield></datafield><datafield ind1=" " ind2=" " tag="310"><subfield code="a">Weekly</subfield></datafield><datafield ind1="0" ind2=" " tag="362"><subfield code="a">Vol. 16, no. 45 (Dec. 15, 1932)-v. 41, no. 33 (Sept. 27, 1956).</subfield></datafield><datafield ind1=" " ind2=" " tag="500"><subfield code="a">Published by: Sunflower Publishers Inc., Feb. 7, 1952-Sept. 9, 1954; Floyd E. Geymann, Sept. 16-Nov. 18, 1954; Harvey County News, Inc., Nov. 25, 1954-June 14, 1956; Newton Pub. Co., Inc., &lt;June 21&gt;-Sept. 27, 1956.</subfield></datafield><datafield ind1=" " ind2=" " tag="515"><subfield code="a">Numbering is irregular.</subfield></datafield><datafield ind1=" " ind2=" " tag="752"><subfield code="a">United States</subfield><subfield code="b">Kansas</subfield><subfield code="c">Harvey</subfield><subfield code="d">Newton.</subfield></datafield><datafield ind1="0" ind2="0" tag="780"><subfield code="t">Hesston gazette</subfield><subfield code="w">(DLC)sn 84030458</subfield></datafield><datafield ind1="0" ind2="4" tag="785"><subfield code="t">Newton Kansan (Newton, Kan. : 1952)</subfield><subfield code="w">(DLC)sn 84030477</subfield></datafield></record>